<record><leader>02586cam a22004937i 4500</leader><controlfield tag="001">6797059</controlfield><controlfield tag="003">OCoLC</controlfield><controlfield tag="005">20150128070035.3</controlfield><controlfield tag="006">m     o  d        </controlfield><controlfield tag="007">cr cnu---unuuu</controlfield><controlfield tag="008">150103s2015    mdu     o     000 0 eng d</controlfield><datafield ind1=" " ind2=" " tag="020"><subfield code="a">9781442242548</subfield><subfield code="q">electronic bk.</subfield></datafield><datafield ind1=" " ind2=" " tag="020"><subfield code="a">144224254X</subfield><subfield code="q">electronic bk.</subfield></datafield><datafield ind1=" " ind2=" " tag="020"><subfield code="z">9781442242531</subfield></datafield><datafield ind1=" " ind2=" " tag="035"><subfield code="a">ocn899158545</subfield></datafield><datafield ind1=" " ind2=" " tag="037"><subfield code="a">933210</subfield><subfield code="b">EBSCO</subfield></datafield><datafield ind1=" " ind2=" " tag="039"><subfield code="a">exclude</subfield></datafield><datafield ind1=" " ind2=" " tag="040"><subfield code="a">EBLCP</subfield><subfield code="b">eng</subfield><subfield code="e">pn</subfield><subfield code="c">EBLCP</subfield><subfield code="d">OCLCO</subfield><subfield code="d">N$T</subfield><subfield code="d">OCLCQ</subfield><subfield code="d">N$T</subfield><subfield code="d">AEU</subfield></datafield><datafield ind1=" " ind2="4" tag="050"><subfield code="a">BR516</subfield><subfield code="b">.C74 2015</subfield></datafield><datafield ind1=" " ind2="7" tag="072"><subfield code="a">REL</subfield><subfield code="x">012110</subfield><subfield code="2">bisacsh</subfield></datafield><datafield ind1=" " ind2="7" tag="072"><subfield code="a">REL</subfield><subfield code="x">070000</subfield><subfield code="2">bisacsh</subfield></datafield><datafield ind1="0" ind2="4" tag="082"><subfield code="a">261.7/20973</subfield><subfield code="2">23</subfield></datafield><datafield ind1=" " ind2=" " tag="090"><subfield code="a">Internet Access</subfield><subfield code="b">AEU</subfield></datafield><datafield ind1="0" ind2="4" tag="245"><subfield code="a">The Crisis of Religious Liberty</subfield><subfield code="h">[electronic resource] :</subfield><subfield code="b">Reflections from Law, History, and Catholic Social Thought /</subfield><subfield code="c">edited by Stephen M. Krason.</subfield></datafield><datafield ind1=" " ind2=" " tag="260"><subfield code="a">Lanham :</subfield><subfield code="b">Rowman &amp; Littlefield Publishers,</subfield><subfield code="c">[2015]</subfield></datafield><datafield ind1=" " ind2=" " tag="300"><subfield code="a">1 online resource (211 pages).</subfield></datafield><datafield ind1=" " ind2=" " tag="336"><subfield code="a">text</subfield><subfield code="b">txt</subfield><subfield code="2">rdacontent</subfield></datafield><datafield ind1=" " ind2=" " tag="337"><subfield code="a">computer</subfield><subfield code="b">c</subfield><subfield code="2">rdamedia</subfield></datafield><datafield ind1=" " ind2=" " tag="338"><subfield code="a">online resource</subfield><subfield code="b">cr</subfield><subfield code="2">rdacarrier</subfield></datafield><datafield ind1="1" ind2=" " tag="490"><subfield code="a">Catholic Social Thought ;</subfield><subfield code="v">9</subfield></datafield><datafield ind1="0" ind2=" " tag="505"><subfield code="a">Foreword; Acknowledgments; Chapter One: Religious Liberty and the Human Good; Chapter Two: A Culture of Religious Liberty; Chapter Three: A Tale of Two (Religious) Freedoms in a Time Such as This; Chapter Four: Thomas Jefferson's Philosophy of Religious Freedom; Chapter Five: "Marching in Opposite Directions"; Chapter Six: "Engines of the Ruling Party"; Chapter Seven: From Articles of Peace to Kulturkampf; Chapter Eight: The Human Right to Religious Liberty; Afterword; Index; About the Contributors.</subfield></datafield><datafield ind1=" " ind2=" " tag="506"><subfield code="a">Access restricted to authorized users and institutions.</subfield></datafield><datafield ind1=" " ind2=" " tag="520"><subfield code="a">The Crisis of Religious Liberty: Reflections from Law, History, and Catholic Social Thought, contributors consider a series of significant challenges to the freedom of religious conscience and expression in the United States today.</subfield></datafield><datafield ind1="0" ind2=" " tag="588"><subfield code="a">Print version record.</subfield></datafield><datafield ind1=" " ind2=" " tag="596"><subfield code="a">44</subfield></datafield><datafield ind1=" " ind2="0" tag="650"><subfield code="a">Freedom of religion</subfield><subfield code="z">United States.</subfield></datafield><datafield ind1=" " ind2="0" tag="650"><subfield code="a">Church and state</subfield><subfield code="z">United States.</subfield></datafield><datafield ind1=" " ind2="0" tag="650"><subfield code="a">Religion and politics</subfield><subfield code="z">United States.</subfield></datafield><datafield ind1=" " ind2="0" tag="651"><subfield code="a">United States</subfield><subfield code="x">Church history.</subfield></datafield><datafield ind1="1" ind2=" " tag="700"><subfield code="a">Krason, Stephen M.</subfield></datafield><datafield ind1=" " ind2="0" tag="830"><subfield code="a">Catholic social thought ;</subfield><subfield code="v">9.</subfield></datafield><datafield ind1="4" ind2="0" tag="856"><subfield code="3">University of Alberta Access</subfield><subfield code="u">http://search.ebscohost.com/login.aspx?direct=true&amp;scope=site&amp;db=nlebk&amp;db=nlabk&amp;AN=933210</subfield><subfield code="z">(Single User Access)</subfield></datafield><datafield ind1=" " ind2=" " tag="949"><subfield code="h">UAIN</subfield><subfield code="z">EBSCOUA</subfield></datafield><datafield ind1=" " ind2=" " tag="926"><subfield code="a">Internet Access</subfield><subfield code="w">LC</subfield><subfield code="c">1</subfield><subfield code="i">6797059-1001</subfield><subfield code="l">INTERNET</subfield><subfield code="m">UAINTERNET</subfield><subfield code="r">Y</subfield><subfield code="s">Y</subfield><subfield code="t">E-RESOURCE</subfield><subfield code="u">2/3/2015</subfield><subfield code="x">E-BOOK</subfield><subfield code="z">EBSCOUA</subfield></datafield></record>